@article{Tulip.jl,
    title = {{Tulip}.jl: an open-source interior-point linear optimization
             solver with abstract linear algebra},
    url = {https://www.gerad.ca/fr/papers/G-2019-36},
    journal = {Les Cahiers du Gerad},
    author = {Anjos, Miguel F. and Lodi, Andrea and Tanneau, Mathieu},
    year = {2019}
}

@article{XuHungYe1996,
	author = {Xu, Xiaojie and Hung, Pi-Fang and Ye, Yinyu},
	doi = {10.1007/BF02206815},
	isbn = {1572-9338},
	journal = {Annals of Operations Research},
	number = {1},
	pages = {151--171},
	title = {A simplified homogeneous and self-dual linear programming algorithm and its implementation},
	volume = {62},
	year = {1996}
}

@article{Mehrotra1992,
    author = {Mehrotra, Sanjay},
    title = {On the Implementation of a Primal-Dual Interior Point Method},
    journal = {SIAM Journal on Optimization},
    volume = {2},
    number = {4},
    pages = {575-601},
    year = {1992},
    doi = {10.1137/0802028}
}

@book{Wright1997,
    author = {Wright, Stephen J.},
    title = {Primal-Dual Interior-Point Methods},
    publisher = {Society for Industrial and Applied Mathematics},
    year = {1997},
    doi = {10.1137/1.9781611971453},
}
